@misc{ wiki:steganografie,
    author = "Wikipedie",
    title = "Steganografie --- Wikipedie: Otevřená encyklopedie",
    year = "2020",
    url = "https://cs.wikipedia.org/w/index.php?title=Steganografie&oldid=18463745",
    note = "[Online; navštíveno 12. 04. 2022]"
}
@misc{ enwiki:popover,
    author = "{Wikipedia contributors}",
    title = "Popover (GUI) --- {Wikipedia}{,} The Free Encyclopedia",
    year = "2022",
    url = "https://en.wikipedia.org/w/index.php?title=Popover_(GUI)&oldid=1070958937",
    note = "[Online; accessed 12-April-2022]"
}
